<collection xmlns="http://www.loc.gov/MARC21/slim">
<record>
  <leader>03862nam0a2200493 i 450 </leader>
  <controlfield tag="001">IT\ICCU\CNCE\068601</controlfield>
  <controlfield tag="005">20081203000000.0</controlfield>
  <datafield tag="012" ind1=" " ind2=" ">
    <subfield code="a">nae. dia- u-r. Plqu (3) 1580 (A)</subfield>
    <subfield code="2">fei</subfield>
    <subfield code="9">1</subfield>
  </datafield>
  <datafield tag="012" ind1=" " ind2=" ">
    <subfield code="a">e-et o.ia ateo cofu (3) 1580 (A)</subfield>
    <subfield code="2">fei</subfield>
    <subfield code="9">2</subfield>
  </datafield>
  <datafield tag="012" ind1=" " ind2=" ">
    <subfield code="a">it.&amp; erua soo. qult (3) 1580 (A)</subfield>
    <subfield code="2">fei</subfield>
    <subfield code="9">3</subfield>
  </datafield>
  <datafield tag="012" ind1=" " ind2=" ">
    <subfield code="a">i.m. a-to a-ac lude (3) 1580 (A)</subfield>
    <subfield code="2">fei</subfield>
    <subfield code="9">4</subfield>
  </datafield>
  <datafield tag="100" ind1=" " ind2=" ">
    <subfield code="a">20061024d1580        0itac0103    ba</subfield>
  </datafield>
  <datafield tag="101" ind1=" " ind2=" ">
    <subfield code="a">LAT</subfield>
  </datafield>
  <datafield tag="102" ind1=" " ind2=" ">
    <subfield code="a">IT</subfield>
  </datafield>
  <datafield tag="200" ind1="1" ind2=" ">
    <subfield code="a">℗Clariss. iuriscon. Angeli De Vbaldis Perusini, ℗In primam et secundam C. partes acutissima commentaria, adnotationibus doctissimorum iurisconsultorum praecipue Francisci Curtij illustrata, nunc recens ab innumeris mendis, quibus vndique scatebant vindicata, &amp; genuinae lectioni vere restituta studio, &amp; industria Ioan. Francisci Pellicerii iurisconsulti eruditissimi, &amp; ciuis Taurinensis. Addita sunt etiam hac nostra editione eiusdem Angeli in tres posteriores C. lib. et nouem Authenticorum collatio. commentaria, &amp; in fine operis extant doctissimae illius quaestiones. Praeterea in fine Digesti noui adsunt loco corollarij  Angeli de  Gambilionibus Aretini ad tit. de appellatio. eruditissimae lucubrationes legum professoribus vtilissimae</subfield>
  </datafield>
  <datafield tag="210" ind1=" " ind2=" ">
    <subfield code="a">Augustae Taurinorum</subfield>
    <subfield code="c">apud haeredes Nicolai Beuilaquae</subfield>
    <subfield code="d">1580</subfield>
  </datafield>
  <datafield tag="215" ind1=" " ind2=" ">
    <subfield code="a">4 pt.</subfield>
    <subfield code="d">fol</subfield>
  </datafield>
  <datafield tag="300" ind1=" " ind2=" ">
    <subfield code="a">2: Clariss. iuriscon. Angeli De Vbaldis Perusini, In tres posteriores Codicis libros acutissima commentaria ...3: Clariss. iuriscon. Angeli De Vbaldis Perusini, In IX authentic. collationes acutissima commentaria ...4: Clariss. iuriscon. Angeli De Vbaldis Perusini, Quaestiones doctissimae ...</subfield>
  </datafield>
  <datafield tag="423" ind1=" " ind2="0">
    <subfield code="1">001IT\ICCU\CNCE\073588</subfield>
    <subfield code="1">2001 </subfield>
    <subfield code="a">℗Clariss. iuriscon. Angeli De Vbaldis Perusini, ℗In tres posteriores Codicis libros acutissima commentaria ...</subfield>
  </datafield>
  <datafield tag="423" ind1=" " ind2="0">
    <subfield code="1">001IT\ICCU\CNCE\073589</subfield>
    <subfield code="1">2001 </subfield>
    <subfield code="a">℗Clariss. iuriscon. Angeli De Vbaldis Perusini, ℗In IX authentic. collationes acutissima commentaria ...</subfield>
  </datafield>
  <datafield tag="423" ind1=" " ind2="0">
    <subfield code="1">001IT\ICCU\CNCE\073591</subfield>
    <subfield code="1">2001 </subfield>
    <subfield code="a">℗Clariss. iuriscon. Angeli De Vbaldis Perusini, ℗Quaestiones doctissimae ...</subfield>
  </datafield>
  <datafield tag="620" ind1=" " ind2=" ">
    <subfield code="a">IT</subfield>
    <subfield code="d">Torino</subfield>
  </datafield>
  <datafield tag="700" ind1=" " ind2="1">
    <subfield code="a">Ubaldi,</subfield>
    <subfield code="b">Angelo : degli</subfield>
    <subfield code="3">IT\ICCU\CNCA\001035</subfield>
  </datafield>
  <datafield tag="702" ind1=" " ind2="1">
    <subfield code="a">Corti,</subfield>
    <subfield code="b">Francesco</subfield>
    <subfield code="3">IT\ICCU\CNCA\001245</subfield>
  </datafield>
  <datafield tag="702" ind1=" " ind2="1">
    <subfield code="a">Pelliceri,</subfield>
    <subfield code="b">Giovanni Francesco</subfield>
    <subfield code="3">IT\ICCU\CNCA\005149</subfield>
  </datafield>
  <datafield tag="712" ind1="0" ind2="0">
    <subfield code="a">Bevilacqua, Niccol ̣- eredi</subfield>
    <subfield code="3">IT\ICCU\CNCT\000513</subfield>
    <subfield code="4">650</subfield>
  </datafield>
  <datafield tag="790" ind1=" " ind2="0">
    <subfield code="a">Angelus</subfield>
    <subfield code="c"> : de#Perusio</subfield>
    <subfield code="3">IT\ICCU\CNCA\007592</subfield>
    <subfield code="z">Ubaldi, Angelo : degli</subfield>
  </datafield>
  <datafield tag="790" ind1=" " ind2="0">
    <subfield code="a">Angelo</subfield>
    <subfield code="c"> : da#Perugia</subfield>
    <subfield code="c"> &lt;1327-1407&gt;</subfield>
    <subfield code="3">IT\ICCU\CNCA\012655</subfield>
    <subfield code="z">Ubaldi, Angelo : degli</subfield>
  </datafield>
  <datafield tag="790" ind1=" " ind2="0">
    <subfield code="a">Angelus</subfield>
    <subfield code="c"> : de Ubaldis</subfield>
    <subfield code="3">IT\ICCU\CNCA\015068</subfield>
    <subfield code="z">Ubaldi, Angelo : degli</subfield>
  </datafield>
  <datafield tag="790" ind1=" " ind2="0">
    <subfield code="a">Angelus</subfield>
    <subfield code="c"> : Perusinus</subfield>
    <subfield code="3">IT\ICCU\CNCA\015069</subfield>
    <subfield code="z">Ubaldi, Angelo : degli</subfield>
  </datafield>
  <datafield tag="790" ind1=" " ind2="1">
    <subfield code="a">Baldeschi,</subfield>
    <subfield code="b">Angelo</subfield>
    <subfield code="3">IT\ICCU\CNCA\015070</subfield>
    <subfield code="z">Ubaldi, Angelo : degli</subfield>
  </datafield>
  <datafield tag="790" ind1=" " ind2="1">
    <subfield code="a">Curtius,</subfield>
    <subfield code="b">Franciscus</subfield>
    <subfield code="3">IT\ICCU\CNCA\013913</subfield>
    <subfield code="z">Corti, Francesco</subfield>
  </datafield>
  <datafield tag="790" ind1=" " ind2="0">
    <subfield code="a">Franciscus</subfield>
    <subfield code="c"> : de#Curte</subfield>
    <subfield code="3">IT\ICCU\CNCA\027178</subfield>
    <subfield code="z">Corti, Francesco</subfield>
  </datafield>
  <datafield tag="790" ind1=" " ind2="1">
    <subfield code="a">Pellissero,</subfield>
    <subfield code="b">Giovanni Francesco</subfield>
    <subfield code="3">IT\ICCU\CNCA\013401</subfield>
    <subfield code="z">Pelliceri, Giovanni Francesco</subfield>
  </datafield>
  <datafield tag="790" ind1=" " ind2="1">
    <subfield code="a">Pellicerius,</subfield>
    <subfield code="b">Ioannes Franciscus</subfield>
    <subfield code="3">IT\ICCU\CNCA\022025</subfield>
    <subfield code="z">Pelliceri, Giovanni Francesco</subfield>
  </datafield>
  <datafield tag="801" ind1=" " ind2="3">
    <subfield code="a">IT</subfield>
    <subfield code="b">ICCU</subfield>
    <subfield code="c">20201115</subfield>
  </datafield>
  <datafield tag="899" ind1=" " ind2=" ">
    <subfield code="a">Biblioteca comunale Planettiana. Jesi</subfield>
    <subfield code="1">AN0092</subfield>
    <subfield code="2">URB BC</subfield>
  </datafield>
  <datafield tag="899" ind1=" " ind2=" ">
    <subfield code="a">Biblioteca civica A. Mai. Bergamo</subfield>
    <subfield code="1">BG0026</subfield>
    <subfield code="2">LO1 02</subfield>
  </datafield>
  <datafield tag="899" ind1=" " ind2=" ">
    <subfield code="a">Biblioteca comunale Passerini Landi. Piacenza</subfield>
    <subfield code="1">PC0030</subfield>
    <subfield code="2">PIA PL</subfield>
  </datafield>
  <datafield tag="899" ind1=" " ind2=" ">
    <subfield code="a">Biblioteca del Collegio cardinale Giulio Alberoni. Piacenza</subfield>
    <subfield code="1">PC0032</subfield>
    <subfield code="2">PIA AB</subfield>
  </datafield>
  <datafield tag="899" ind1=" " ind2=" ">
    <subfield code="a">Biblioteca  Panizzi. Reggio Emilia</subfield>
    <subfield code="1">RE0052</subfield>
    <subfield code="2">RE2 PA</subfield>
  </datafield>
  <datafield tag="899" ind1=" " ind2=" ">
    <subfield code="a">Biblioteca civica Bertoliana. Vicenza</subfield>
    <subfield code="1">VI0096</subfield>
    <subfield code="2">VIA BE</subfield>
  </datafield>
  <datafield tag="911" ind1=" " ind2=" ">
    <subfield code="a">Sul front.</subfield>
    <subfield code="9">IT\ICCU\CNCM\000254</subfield>
  </datafield>
  <datafield tag="921" ind1=" " ind2=" ">
    <subfield code="a">IT\ICCU\CNCM\000254</subfield>
    <subfield code="b">Toro scalciante esce da una nuvola. Stelle sul corpo che rappresentano la costellazione del Toro. In cornice figurata</subfield>
    <subfield code="e">Mi coelestis origo.</subfield>
    <subfield code="c">Z1165</subfield>
    <subfield code="d">Dimensioni: 14 x 18</subfield>
    <subfield code="f">MICOELESTI</subfield>
    <subfield code="f">NUVOLA</subfield>
    <subfield code="f">STELLE</subfield>
    <subfield code="f">TORO</subfield>
    <subfield code="g">1573-1582</subfield>
  </datafield>
</record>
</collection>
